<record><leader>00000cas a2200000 a 4500</leader><controlfield tag="001">9671701</controlfield><controlfield tag="008">830706d18631867nyudn ne      0    0eng c</controlfield><datafield ind1=" " ind2=" " tag="010"><subfield code="a">sn 83030778 </subfield></datafield><datafield ind1=" " ind2=" " tag="040"><subfield code="a">NPU</subfield><subfield code="b">eng</subfield><subfield code="c">NPU</subfield><subfield code="d">DLC</subfield><subfield code="d">NPX</subfield><subfield code="d">YOX</subfield><subfield code="d">NYS</subfield><subfield code="d">MGN</subfield><subfield code="d">NYS</subfield><subfield code="d">NVK</subfield><subfield code="d">NYS</subfield><subfield code="d">OCL</subfield><subfield code="d">NYS</subfield><subfield code="d">CRL</subfield><subfield code="d">KRTAS</subfield><subfield code="d">OCLCQ</subfield><subfield code="d">OCLCF</subfield><subfield code="d">OCLCO</subfield></datafield><datafield ind1="1" ind2=" " tag="029"><subfield code="a">AU@</subfield><subfield code="b">000025827494</subfield></datafield><datafield ind1=" " ind2=" " tag="042"><subfield code="a">pcc</subfield></datafield><datafield ind1=" " ind2=" " tag="043"><subfield code="a">n-us-ny</subfield></datafield><datafield ind1="0" ind2="0" tag="050"><subfield code="a">Newspaper 8829-X</subfield></datafield><datafield ind1="0" ind2=" " tag="130"><subfield code="a">Brooklyn daily union (Brooklyn, New York, N.Y. : 1863)</subfield></datafield><datafield ind1="1" ind2="4" tag="245"><subfield code="a">The Brooklyn daily union.</subfield></datafield><datafield ind1="1" ind2="3" tag="246"><subfield code="a">Union</subfield></datafield><datafield ind1="1" ind2="3" tag="246"><subfield code="a">Daily union</subfield></datafield><datafield ind1=" " ind2=" " tag="260"><subfield code="a">Brooklyn [N.Y. :</subfield><subfield code="b">s.n.],</subfield><subfield code="c">1863-1867.</subfield></datafield><datafield ind1=" " ind2=" " tag="300"><subfield code="a">4 v. ;</subfield><subfield code="c">58-73 cm.</subfield></datafield><datafield ind1=" " ind2=" " tag="310"><subfield code="a">Daily (except Sunday)</subfield></datafield><datafield ind1="0" ind2=" " tag="362"><subfield code="a">Vol. 1 no. 1 (Sept. 14, 1863)-v. 4, no. 113 (Jan. 26, 1867).</subfield></datafield><datafield ind1=" " ind2=" " tag="500"><subfield code="a">"Brooklyn daily" appears in title ornament, &lt;1864-1865&gt;.</subfield></datafield><datafield ind1=" " ind2=" " tag="530"><subfield code="a">Also issued on microfilm from the New York Public Library.</subfield></datafield><datafield ind1=" " ind2=" " tag="580"><subfield code="a">Absorbed: Brooklyn City news. Cf. Sealock &amp; Seely. Long Island bibl.</subfield></datafield><datafield ind1=" " ind2=" " tag="588"><subfield code="a">Description based on: Vol. 1, no. 1 (Sept. 14, 1863).</subfield></datafield><datafield ind1=" " ind2=" " tag="588"><subfield code="a">Latest issue consulted: Vol. 4, no. 113 (Jan. 26, 1867).</subfield></datafield><datafield ind1=" " ind2="0" tag="651"><subfield code="a">Brooklyn (New York, N.Y.)</subfield><subfield code="v">Newspapers.</subfield></datafield><datafield ind1=" " ind2="0" tag="651"><subfield code="a">Kings County (N.Y.)</subfield><subfield code="v">Newspapers.</subfield></datafield><datafield ind1=" " ind2="0" tag="651"><subfield code="a">New York (N.Y.)</subfield><subfield code="v">Newspapers.</subfield></datafield><datafield ind1=" " ind2="7" tag="655"><subfield code="a">Newspapers.</subfield><subfield code="2">fast</subfield><subfield code="0">(OCoLC)fst01423814</subfield></datafield><datafield ind1=" " ind2="7" tag="651"><subfield code="a">New York (State)</subfield><subfield code="z">Kings County.</subfield><subfield code="2">fast</subfield><subfield code="0">(OCoLC)fst01220099</subfield></datafield><datafield ind1=" " ind2="7" tag="651"><subfield code="a">New York (State)</subfield><subfield code="z">New York.</subfield><subfield code="2">fast</subfield><subfield code="0">(OCoLC)fst01204333</subfield></datafield><datafield ind1=" " ind2="7" tag="651"><subfield code="a">New York (State)</subfield><subfield code="z">New York</subfield><subfield code="z">Brooklyn.</subfield><subfield code="2">fast</subfield><subfield code="0">(OCoLC)fst01312516</subfield></datafield><datafield ind1=" " ind2=" " tag="752"><subfield code="a">United States</subfield><subfield code="b">New York</subfield><subfield code="c">Kings</subfield><subfield code="d">Brooklyn (New York, N.Y.)</subfield></datafield><datafield ind1=" " ind2=" " tag="752"><subfield code="a">United States</subfield><subfield code="b">New York</subfield><subfield code="d">New York.</subfield></datafield><datafield ind1="1" ind2="5" tag="780"><subfield code="t">Brooklyn City news</subfield><subfield code="g">1863</subfield><subfield code="w">(DLC)sn 83030781</subfield><subfield code="w">(OCoLC)9671683</subfield></datafield><datafield ind1="0" ind2="0" tag="785"><subfield code="t">Brooklyn union (Brooklyn, N.Y. : 1867)</subfield><subfield code="w">(DLC)sn 83030779</subfield><subfield code="w">(OCoLC)9671814</subfield></datafield><datafield ind1=" " ind2=" " tag="938"><subfield code="a">Kirtas Technologies, Inc.</subfield><subfield code="b">KRTS</subfield><subfield code="n">737021</subfield></datafield></record>